% Encoding: UTF-8

@Book{montgomery_introduction_2012,
  author    = {Montgomery, Douglas C. and Peck, Elizabeth A. and Vining, G. Geoffrey},
  publisher = {Wiley},
  title     = {Introduction to linear regression analysis},
  year      = {2012},
  edition   = {5th ed},
}

@Book{weisberg_applied_2014,
  author    = {Weisberg, Sanford},
  title     = {Applied linear regression},
  year      = {2014},
  edition   = {Fourth edition},
}

@Book{seber_linear_2003,
  author    = {Seber, G. A. F. and Lee, A. J.},
  title     = {Linear regression analysis},
  year      = {2003},
  edition   = {2nd ed},
}

@Book{fox_applied_2016,
  author  = {Fox, John},
  title   = {Applied regression analysis and generalized linear models},
  year    = {2016},
  edition = {Third Edition},
}

@Book{behar_validacion_2002,
  author = {Behar, Roberto},
  title  = {Validaci\'{o}n de supuestos en el modelo de regresi\'{o}n},
  year   = {2002},
}

@Comment{jabref-meta: databaseType:bibtex;}
